@article{rbf-ra,
	doi = {10.1016/j.jcp.2016.11.030},
	url = {https://doi.org/10.1016%2Fj.jcp.2016.11.030},
	year = 2017,
	month = {feb},
	publisher = {Elsevier {BV}},
	volume = {331},
	pages = {137--156},
	author = {Grady B. Wright and Bengt Fornberg},
	title = {Stable computations with flat radial basis functions using vector-valued rational approximations},
	journal = {Journal of Computational Physics}
}

@book{rbf,
	author    = {Bengt Fornberg and
	Natasha Flyer},
	title     = {A primer on radial basis functions with applications to the geosciences},
	series    = {{CBMS-NSF} regional conference series in applied mathematics},
	volume    = {87},
	publisher = {{SIAM}},
	year      = {2015},
	url       = {http://bookstore.siam.org/cb87/},
	isbn      = {978-1-611-97402-7},
	timestamp = {Fri, 04 Mar 2016 00:00:00 +0100},
	biburl    = {https://dblp.org/rec/books/daglib/0037633.bib},
	bibsource = {dblp computer science bibliography, https://dblp.org}
}

@book{hinch, 
	place={Cambridge}, 
	series={Cambridge Texts in Applied Mathematics}, 
	title={Perturbation Methods}, 
	DOI={10.1017/CBO9781139172189}, 
	publisher={Cambridge University Press}, 
	author={Hinch, E. J.}, 
	year={1991}, 
	collection={Cambridge Texts in Applied Mathematics}
}