@article{article,
	title={An efficient high-order meshless method for advection-diffusion equations on time-varying irregular domains},
	volume={445},
	ISSN={0021-9991},
	url={http://dx.doi.org/10.1016/j.jcp.2021.110633},
	DOI={10.1016/j.jcp.2021.110633},
	journal={Journal of Computational Physics},
	publisher={Elsevier BV},
	author={Shankar, Varun and Wright, Grady B. and Fogelson, Aaron L.},
	year={2021},
	month={Nov},
	pages={110633}